%% LaTeX2e file `ref.bib'
%% generated by the `filecontents' environment
%% from source `Lecture09' on 2016/02/10.
%%
