%% LaTeX2e file `ref.bib'
%% generated by the `filecontents' environment
%% from source `Lecture03' on 2016/01/20.
%%
