%% LaTeX2e file `ref.bib'
%% generated by the `filecontents' environment
%% from source `jsm-hockey' on 2014/08/06.
%%
